@inproceedings{document-transformation-larsson,
author = {Larsson, Staffan and Zaenen, Annie},
title = {Document Transformations and Information States},
year = {2000},
publisher = {Association for Computational Linguistics},
address = {USA},
url = {https://doi.org/10.3115/1117736.1117749},
doi = {10.3115/1117736.1117749},
booktitle = {Proceedings of the 1st SIGdial Workshop on Discourse and Dialogue - Volume 10},
pages = {112–120},
numpages = {9},
location = {Hong Kong},
series = {SIGDIAL '00}
}

@phdthesis{issue-based-larsson,
author = {Larsson, Staffan},
title = {Issue-based Dialogue Management},
school = {Göteborg University},
year = {2002},
}

@article{hcrc-map-task-corpus,
author = {Anne H. Anderson and Miles Bader and Ellen Gurman Bard and Elizabeth Boyle and Gwyneth Doherty and Simon Garrod and Stephen Isard and Jacqueline Kowtko and Jan McAllister and Jim Miller and Catherine Sotillo and Henry S. Thompson and Regina Weinert},
title ={The Hcrc Map Task Corpus},
journal = {Language and Speech},
volume = {34},
number = {4},
pages = {351-366},
doi = {10.1177/002383099103400404},
URL = { https://doi.org/10.1177/002383099103400404},
eprint = { https://doi.org/10.1177/002383099103400404},
year = {1991},
}

@article{distilling-dialogue,
author = {Larsson, Staffan and Santamarta, Lena and Jönsson, Arne},
month = {08},
title = {Using The Process Of Distilling Dialogues To Understand Dialogue Systems}
year = {2000},
}

@article{elan-annotation,
author = {Brugman, Hennie and Russel, Albert},
month = {03},
title = {Annotating Multimedia / Multi-modal resources with ELAN},
journal = {Proceedings of the Fourth International Conference on Language Resources and Evaluation},
year = {2009},
}

@article{icon-usability,
author  = {Harley, Aurora},
date    = {2014-07-27},
title   = {Icon Usability},
journal = {Nielsen Norman Group},
url     = {https://www.nngroup.com/articles/icon-usability/},
urldate = {2020-04-10},
year = {2014},
}

@article{bbc-truck,
author  = {Bayley, Caroline},
date    = {2015-11-27},
title   = {Why don't women become truckers?},
journal = {BBC News},
url     = {https://www.bbc.com/news/magazine-34922131},
urldate = {2015-11-27},
year = {2015}
}

@article{usa-truck,
author  = {Woodyard, Chris},
date    = {2019-12-16},
title   = {Women are increasingly joining the deadly world of truck driving, confronting sexism and long days},
journal = {USA Today},
url     = {https://eu.usatoday.com/story/news/nation/2019/03/09/women-truck-drivers-shortage-opportunities-pay-big-rigs/2845083002/},
urldate = {2019-12-16},
year = {2019}
}

@article{sweden-truck,
author  = {Larsson, Ann-Louise},
date    = {2019-06-19},
title   = {Fler kvinnor bakom ratten i lastbilar},
journal = {ENTREPENADAKTUELLT},
url     = {https://www.entreprenadaktuellt.se/artikel/60587/fler-kvinnor-bakom-ratten-i-lastbilar.html},
urldate = {2019-06-19},
year = {2019}
}

@book{coates_2019, 
place={Shelter Island}, 
title={Voice applications for Alexa and Google assistant}, 
publisher={Manning}, 
author={Coates, Dustin}, 
year={2019},
}

@book{criado-perez_2020, 
place={London}, 
title={Invisible women: exposing data bias in a world designed for men}, 
publisher={Vintage}, 
author={Criado-Perez, Caroline}, 
year={2020},
}

@book{pearl_2017, 
place={Beijing}, 
title={Designing voice user interfaces: principles of conversational experiences}, 
publisher={OReilly}, 
author={Pearl, Cathy}, 
year={2017},
}

@book{mctear_2016, 
place={Switzerland}, 
title={The Conversational Interface: Talking to Smart Devices}, 
publisher={Springer}, 
author={McTear, Michael and Callejas, Zoraida and Griol, David}, 
year={2016},
}

@book{thornbury_slade_2007, 
place={Cambridge}, 
title={Conversation: from description to pedagogy}, 
publisher={Cambridge Univ. Press}, 
author={Thornbury, Scott and Slade, Diana}, 
year={2007},
} 

@book{cohen_2004, 
place={Boston}, 
title={Voice user interface design}, 
publisher={Addison-Wesley}, 
author={Cohen, Michael H. and Giangola, James P. and Balogh, Jennifer}, 
year={2004},
} 

@software{any-audio-software,
author = {{Anvsoft Inc.}},
title = {Any Audio Converter},
url = {https://www.any-audio-converter.com/},
version = {6.3.8},
date = {2010-03-23},
year = {2010},
}

@software{elan-software,
author = {{Nijmegen: Max Planck Institute for Psycholinguistics, The Language Archive}},
title = {ELAN},
url = {https://archive.mpi.nl/tla/elan},
version = {5.8},
date = {2019-01-02},
year = {2019},
}

@misc{skill-kit-website, 
title={Alexa Skills Kit}, 
url={https://developer.amazon.com/en-US/alexa/alexa-skills-kit/}, 
journal={Amazon}, 
publisher={Rouen}, 
author={US and CLEIRAC, Estienne}, 
year={2010},
} 

@misc{skill-kit-website-start, 
title={Get Started with the Alexa Skills Kit}, 
url={https://developer.amazon.com/en-US/alexa/alexa-skills-kit/start}, 
journal={Amazon}, 
publisher={Rouen}, 
author={US and CLEIRAC, Estienne}, 
year={2010},
} 

@misc{alexa-sample-utterances, 
title={Best Practices for Sample Utterances and Custom Slot Type Values}, 
url={https://developer.amazon.com/en-US/docs/alexa/custom-skills/best-practices-for-sample-utterances-and-custom-slot-type-values.html}, 
journal={Amazon}, 
publisher={Rouen}, 
author={US and CLEIRAC, Estienne}, 
year={2010},
} 

@misc{alexa-how-skills-work, 
title={How an Alexa Skill Work}, 
url={https://developer.amazon.com/en-US/alexa/alexa-skills-kit/start#how-an-alexa-skill-works}, 
journal={Amazon}, 
publisher={Rouen}, 
author={US and CLEIRAC, Estienne}, 
year={2010},
} 

@misc{alexa-dialogue-reference, 
title={Dialog Interface Reference}, 
url={https://developer.amazon.com/en-US/docs/alexa/custom-skills/dialog-interface-reference.html}, 
journal={Amazon}, 
publisher={Rouen}, 
author={US and CLEIRAC, Estienne}, 
year={2010},
} 

@misc{alexa-ASR, 
title={What Is Automatic Speech Recognition?}, 
url={https://developer.amazon.com/en-US/alexa/alexa-skills-kit/asr}, 
journal={Amazon}, 
publisher={Rouen}, 
author={US and CLEIRAC, Estienne}, 
year={2010},
} 

@misc{alexa-artifact, 
title={Build Your Design Artifact}, 
url={https://developer.amazon.com/es-mx/docs/alexa/alexa-design/build-artifact.html}, 
journal={Amazon}, 
publisher={Rouen}, 
author={US and CLEIRAC, Estienne}, 
year={2010},
} 

@software{python-SDK,
  author = {{Amazon Alexa}},
  title = { Alexa Skills Kit SDK for Python},
  url = {https://github.com/alexa/alexa-skills-kit-sdk-for-python},
  version = {1.13.0},
  date = {2020-04-24},
}


@misc{lowe2015ubuntu,
title={The Ubuntu Dialogue Corpus: A Large Dataset for Research in Unstructured Multi-Turn Dialogue Systems},
author={Ryan Lowe and Nissan Pow and Iulian Serban and Joelle Pineau},
eprint={1506.08909},
archivePrefix={arXiv},
primaryClass={cs.CL},
year={2015},
}

